@article{Santos:2018:FBKSD,
	author = {Jonas Deyson B. Santos and Pradeep Sen and Manuel M. Oliveira},
	title = {A Framework for Developing and Benchmarking Sampling and Denoising Algorithms for Monte Carlo Rendering},
	journal = {The Visual Computer},
	volume = {34},
	issue = {6--8},
	year = {2018},
	pages = {765--778},
	doi = {10.1007/s00371-018-1521-y}
	issn = {0178-2789}} 

% benchmarking systems

@misc{MiddleburyFlow,
	author = {Simon Baker and Daniel Scharstein and JP Lewis and Stefan Roth and Michael Black and Richard Szeliski},
	title = {{Middlebury Flow Accuracy and Interpolation Evaluation}},
	year = {2011},
	url = {http://vision.middlebury.edu/flow/eval/},
}

@misc{MiddleburyStereo,
	author = {Daniel Scharstein and Richard Szeliski and Heiko Hirschm√ºller},
	title = {{Middlebury Stereo Vision Page}},
	year = {2002},
	url = {http://vision.middlebury.edu/stereo/},
}

@misc{AlphaMatting,
	author = {Rhemann, Christoph and Rother, Carsten and Wang, Jue and Gelautz, Margrit and Kohli, Pushmeet and Rott, Pamela},
	title = {Alpha Matting Evaluation Website},
	year = {2009},
	url = {http://www.alphamatting.com/eval_25.php},
}

@misc{VideoMatting,
	author = {Mikhail Erofeev and Yury Gitman and Vatolin, Dmitriy and Alexey Fedorov and Jue Wang},
	title = {VideoMatting},
	year = {2014},
	url = {http://videomatting.com/},
}

%Examples of Meta-Research Systems

@article{Mark2003,
	author = {Mark, William R. and Glanville, R. Steven and Akeley, Kurt and Kilgard, Mark J.},
	title = {Cg: A System for Programming Graphics Hardware in a C-like Language},
	journal = {ACM Trans. Graph.},
	issue_date = {July 2003},
	volume = {22},
	number = {3},
	month = jul,
	year = {2003},
	issn = {0730-0301},
	pages = {896--907},
	numpages = {12},
	acmid = {882362},
	publisher = {ACM},
	address = {New York, NY, USA},
}

@article{Buck2004,
	author = {Buck, Ian and Foley, Tim and Horn, Daniel and Sugerman, Jeremy and Fatahalian, Kayvon and Houston, Mike and Hanrahan, Pat},
	title = {Brook for GPUs: Stream Computing on Graphics Hardware},
	journal = {ACM Trans. Graph.},
	issue_date = {August 2004},
	volume = {23},
	number = {3},
	month = aug,
	year = {2004},
	issn = {0730-0301},
	pages = {777--786},
	numpages = {10},
	acmid = {1015800},
	publisher = {ACM},
	address = {New York, NY, USA},
	keywords = {Data Parallel Computing, GPU Computing, Brook, Programmable Graphics Hardware, Stream Computing},
}

@article{Ragan-Kelley2012,
	author = {Ragan-Kelley, Jonathan and Adams, Andrew and Paris, Sylvain and Levoy, Marc and Amarasinghe, Saman and Durand, Fr{\'e}do},
	title = {Decoupling Algorithms from Schedules for Easy Optimization of Image Processing Pipelines},
	journal = {ACM Trans. Graph.},
	issue_date = {July 2012},
	volume = {31},
	number = {4},
	month = jul,
	year = {2012},
	issn = {0730-0301},
	pages = {32:1--32:12},
	articleno = {32},
	numpages = {12},
	acmid = {2185528},
	publisher = {ACM},
	address = {New York, NY, USA},
	keywords = {compilers, image processing, performance},
}

@ARTICLE{Ragan-Kelley2013,
	author = {Ragan-Kelley, Jonathan and Barnes, Connelly and Adams, Andrew and Paris, Sylvain and Durand, Fr{\'e}do and Amarasinghe, Saman},
	title = {Halide: A Language and Compiler for Optimizing Parallelism, Locality,
	and Recomputation in Image Processing Pipelines},
	journal = {SIGPLAN Not.},
	year = {2013},
	volume = {48},
	pages = {519--530},
	number = {6},
	month = jun,
	acmid = {2462176},
	address = {New York, NY, USA},
	file = {:PDFs\\General Image Processing\\Halide-pldi13.pdf:PDF},
	issn = {0362-1340},
	issue_date = {June 2013},
	keywords = {autotuning, compiler, domain specific language, gpu, image processing,
	locality, optimization, parallelism, redundant computation, vectorization},
	numpages = {12},
	publisher = {ACM},
}

% Examples of Cg Applications

@inproceedings{Policarpo2005,
	author = {Policarpo, F\'{a}bio and Oliveira, Manuel M. and Comba, Jo\~{a}o L. D.},
	title = {Real-time Relief Mapping on Arbitrary Polygonal Surfaces},
	booktitle = {Proceedings of the 2005 Symposium on Interactive 3D Graphics and Games},
	series = {I3D '05},
	year = {2005},
	isbn = {1-59593-013-2},
	location = {Washington, District of Columbia},
	pages = {155--162},
	numpages = {8},
	url = {http://doi.acm.org/10.1145/1053427.1053453},
	doi = {10.1145/1053427.1053453},
	acmid = {1053453},
	publisher = {ACM},
	address = {New York, NY, USA},
	keywords = {image-based rendering, motion parallax, real-time rendering, relief mapping, surface details},
} 


@INPROCEEDINGS{Policarpo2006,
	author = {Policarpo, Fabio and Oliveira, Manuel M.},
	title = {Relief mapping of non-height-field surface details},
	booktitle = {Proc. 2006 symposium on Interactive 3D graphics and
	games},
	year = {2006},
	series = {I3D '06},
	pages = {55--62},
	publisher = {ACM},
	acmid = {1111422},
	doi = {10.1145/1111411.1111422},
	isbn = {1-59593-295-X},
	keywords = {image-based rendering, impostors, non-height-field surface representation,
	real-time rendering, relief mapping},
	location = {Redwood City, California},
	numpages = {8},
	url = {http://doi.acm.org/10.1145/1111411.1111422}
}

@article{Wyman2005,
	author = {Wyman, Chris},
	title = {An Approximate Image-space Approach for Interactive Refraction},
	journal = {ACM Trans. Graph.},
	issue_date = {July 2005},
	volume = {24},
	number = {3},
	month = jul,
	year = {2005},
	issn = {0730-0301},
	pages = {1050--1053},
	numpages = {4},
	url = {http://doi.acm.org/10.1145/1073204.1073310},
	doi = {10.1145/1073204.1073310},
	acmid = {1073310},
	publisher = {ACM},
	address = {New York, NY, USA},
	keywords = {hardware, interactive rendering, refraction},
} 

@INPROCEEDINGS{Oliveira2007RRT,
	author = {Oliveira, Manuel M. and Brauwers, Maicon},
	title = {Real-time refraction through deformable objects},
	booktitle = {Proc. 2007 symposium on Interactive 3D graphics and
	games},
	year = {2007},
	series = {I3D '07},
	pages = {89--96},
	address = {New York, NY, USA},
	publisher = {ACM},
	acmid = {1230116},
	doi = {10.1145/1230100.1230116},
	isbn = {978-1-59593-628-8},
	keywords = {de-formable objects, image-based rendering, image-space refraction,
	real-time rendering},
	location = {Seattle, Washington},
	numpages = {8},
	url = {http://doi.acm.org/10.1145/1230100.1230116}
}

% CUDA reference

@inproceedings{Nickolls2008,
	author = {Nickolls, John and Buck, Ian and Garland, Michael and Skadron, Kevin},
	title = {Scalable Parallel Programming with CUDA},
	booktitle = {ACM SIGGRAPH 2008 Classes},
	series = {SIGGRAPH '08},
	year = {2008},
	location = {Los Angeles, California},
	pages = {16:1--16:14},
	articleno = {16},
	numpages = {14},
	url = {http://doi.acm.org/10.1145/1401132.1401152},
	doi = {10.1145/1401132.1401152},
	acmid = {1401152},
	publisher = {ACM},
	address = {New York, NY, USA},

@ARTICLE{Mullapudi2016,
	author = {Mullapudi, Ravi Teja and Adams, Andrew and Sharlet, Dillon and Ragan-Kelley, Jonathan and Fatahalian, Kayvon},
	title = {Automatically Scheduling Halide Image Processing Pipelines},
	journal = {ACM Trans. Graph.},
	year = {2016},
	volume = {35},
	pages = {83:1--83:11},
	number = {4},
	month = jul,
	acmid = {2925952},
	address = {New York, NY, USA},
	articleno = {83},
	file = {:PDFs\\General Image Processing\\Automatically Scheduling Halide Image Processing Pipelines.pdf:PDF},
	issn = {0730-0301},
	issue_date = {July 2016},
	keywords = {halide, image processing, optimizing compilers},
	numpages = {11},
	publisher = {ACM},
}

@book{PBRT-v3,
	author    = {Pharr, Matt and Jakob, Wenzel and Humphreys, Greg},
	title     = {Physically Based Rendering, from Theory to Implementation},
	edition  = {3},
	publisher = {Morgan Kaufmann},
	year      = {2016}
}

@article{rendertoolbox,
  author = {Heasly, Benjamin S. and Cottaris, Nicolas P. and Lichtman, Daniel P. and Xiao, Bei and Brainard, David H.},
  title = {RenderToolbox3: MATLAB tools that facilitate physically based stimulus rendering for vision research},
  journal = {Journal of Vision},
  volume = {14},
  number = {2},
  pages = {6},
  year = {2014}
}

@book{collada,
  author = {Arnaud, Remi and Barnes, Mark C.},
  title = {Collada: Sailing the Gulf of 3D Digital Content Creation},
  year = {2006},
  isbn = {1568812876},
  publisher = {AK Peters Ltd}
}

@book{pbrtBook,
  author = {Pharr, Matt and Humphreys, Greg},
  title = {Physically Based Rendering: From Theory to Implementation},
  year = {2004},
  isbn = {012553180X},
  publisher = {Morgan Kaufmann Publishers Inc.},
  address = {San Francisco, CA, USA},
}

@proceedings{SIBGRAPI2018,
  Address = {Foz do Igua\c{c}u, PR, Brazil},
  Booktitle = {SIBGRAPI},
  Month = {October},
  Publisher = {{IEEE}},
  Title = {Proceedings of the 31st SIBGRAPI -- Conference on Graphics, Patterns and Images},
  Year = {2018}
}

@misc{resources16,
  author = {Bitterli, Benedikt},
  year = {2016},
  note = {\url{https://benedikt-bitterli.me/resources/}},
  title = {Rendering resources}
} 

@misc{mitsuba,
  author = {Jakob, Wenzel},
  title = {Mitsuba: Physically Based Renderer},
  note = {\url{http://www.mitsuba-renderer.org/}},
  year = {2014}
}

@misc{tungsten,
  author = {Bitterli, Benedikt},
  title = {The Tungsten Renderer},
  note = {\url{https://benedikt-bitterli.me/tungsten.html}},
  year = {2014}
}

@misc{luxrender,
  author = {Grimaldi, Jean-Philippe and Vergauwen, Terrence},
  title = {LuxRender v1.6},
  note = {\url{http://www.luxrender.net/}},
  year = {2008}
}

@misc{pbrt, 
  author = {Pharr, Matt and Humphreys, Greg},
  title = {PBRT, Version 3},
  url = {https://github.com/mmp/pbrt-v3},
  year = {2015}
}

@misc{ply, 
  author = {Beazley, David},
  title = {PLY (Python Lex-Yacc)},
  url = {http://www.dabeaz.com/ply/},
  year = {2001}
}